@inproceedings{gao2016network,
  title={Network requirements for resource disaggregation},
  author={Gao, Peter X and Narayan, Akshay and Karandikar, Sagar and Carreira, Joao and Han, Sangjin and Agarwal, Rachit and Ratnasamy, Sylvia and Shenker, Scott},
  booktitle={12th USENIX symposium on operating systems design and implementation (OSDI 16)},
  pages={249--264},
  year={2016}
}
